@inproceedings{datamining-concepts-and-techniques,
    author = {Jiawei Han, Micheline Kamber, Jian Pei},
    booktitle = {Datamining - Concepts and Techniques},
    title = {Datamining - Concepts and Techniques, (3rd Edition)},
    pages = {268--271},
    year = {2012},
    isbn = {978-0-12-381479-1},
    numpages = {703},
    pages={268--271}
}

@inproceedings{knees2007music,
  title={A music search engine built upon audio-based and web-based similarity measures},
  author={Knees, Peter and Pohle, Tim and Schedl, Markus and Widmer, Gerhard},
  booktitle={Proceedings of the 30th annual international ACM SIGIR conference on Research and development in information retrieval},
  pages={447--454},
  year={2007},
  organization={ACM}
}
