@Misc{moviemanager,
    note = {[Stand: 18.6.2014]},
    howpublished = "\url{ http://www.junauza.com/2013/01/best-movie-collection-managers-for-linux.html}",
    key = {moviemanager}
}

@Misc{dvdxml,
    note = {[Stand: 18.6.2014]},
    howpublished = "\url{http://dvdxml.com/p/faq/faq.php?0.cat.2.3}",
    key = {dvdxml}
}

@Misc{xbmcnfo,
    note = {[Stand: 18.6.2014]},
    howpublished = "\url{http://wiki.xbmc.org/index.php?title=NFO_files/movies}",
    key = {xbmcnfo}
}

@Misc{popcornhour,
    note = {[Stand: 18.6.2014]},
    howpublished = "\url{http://www.popcorn-hour.de}",
    key = {popcornhour}
}

@Misc{xbmc,
    note = {[Stand: 18.6.2014]},
    howpublished = "\url{http://www.xbmc.org}",
    key = {xbmc}
}

@Misc{wmc,
    note = {[Stand: 18.6.2014]},
    howpublished = "\url{http://support.microsoft.com/default.aspx?scid=kb;en-us;955485&sd=rss&spid=11734}",
    key = {wmc}
}

@Misc{mediaelch,
    note = {[Stand: 18.6.2014]},
    howpublished = "\url{http://www.mediaelch.de}",
    key = {mediaelch}
}
@Misc{ofdbgw,
    note = {[Stand: 18.6.2014]},
    howpublished = "\url{http://www.ofdbgw.org/}",
    key = {ofdbgw}
}

@Misc{imdb,
    note = {[Stand: 18.6.2014]},
    howpublished = "\url{http://www.imdb.com}",
    key = {imdb}
}

@Misc{rtfd,
    note = {[Stand: 18.6.2014]},
    howpublished = "\url{http://libhugin.rtfd.org}",
    key = {rtfd}
}
@Misc{rtfdresult,
    note = {[Stand: 18.6.2014]},
    howpublished = "\url{http://libhugin.readthedocs.org/en/latest/developer_api/api.html#developing-a-content-provider-plugin}",
    key = {rtfdresult}
}
@Misc{gdev,
    note = {[Stand: 18.6.2014]},
    howpublished = "\url{https://developers.google.com/api-client-library/python/guide/thread_safety}",
    key = {gdev}
}

@Misc{wikigenre,
    note = {[Stand: 18.6.2014]},
    howpublished = "\url{http://de.wikipedia.org/wiki/Filmgenre}",
    key = {wikigenre}
}

@Misc{bs,
    note = {[Stand: 18.6.2014]},
    howpublished = "\url{http://www.crummy.com/software/BeautifulSoup/bs4/doc/}",
    key = {bs}
}
@Misc{metadata,
    note = {[Stand: 18.6.2014]},
    howpublished = "\url{http://up.nullcat.de/ae2849906cdd47d843eea40381a086e4/metadata.tar.bz2}",
    key = {metadata}
}

@Misc{wimip,
    note = {[Stand: 18.6.2014]},
    howpublished = "\url{http://www.wieistmeineip.de}",
    key = {wimip}
}

@Misc{matplotlib,
    note = {[Stand: 18.6.2014]},
    howpublished = "\url{http://matplotlib.org}",
    key = {matplotlib}
}

